[gd_scene load_steps=12 format=2]

[ext_resource path="res://Scripts/Player.gd" type="Script" id=1]
[ext_resource path="res://Sprite & Map/Wizzard_spriteframes.tres" type="SpriteFrames" id=2]
[ext_resource path="res://Scripts/Weapon.gd" type="Script" id=3]
[ext_resource path="res://Assets/Creator1/0x72_DungeonTilesetII_v1.3/frames/weapon_green_magic_staff.png" type="Texture" id=4]

[sub_resource type="RectangleShape2D" id=1]
extents = Vector2( 4.5, 5.5 )

[sub_resource type="Animation" id=2]
resource_name = "_setup"
length = 0.01
tracks/0/type = "value"
tracks/0/path = NodePath(".:position")
tracks/0/interp = 1
tracks/0/loop_wrap = true
tracks/0/imported = false
tracks/0/enabled = true
tracks/0/keys = {
"times": PoolRealArray( 0 ),
"transitions": PoolRealArray( 1 ),
"update": 0,
"values": [ Vector2( 0, 0 ) ]
}
tracks/1/type = "value"
tracks/1/path = NodePath(".:rotation_degrees")
tracks/1/interp = 1
tracks/1/loop_wrap = true
tracks/1/imported = false
tracks/1/enabled = true
tracks/1/keys = {
"times": PoolRealArray( 0 ),
"transitions": PoolRealArray( 1 ),
"update": 0,
"values": [ 0.0 ]
}
tracks/2/type = "value"
tracks/2/path = NodePath(".:scale")
tracks/2/interp = 1
tracks/2/loop_wrap = true
tracks/2/imported = false
tracks/2/enabled = true
tracks/2/keys = {
"times": PoolRealArray( 0 ),
"transitions": PoolRealArray( 1 ),
"update": 0,
"values": [ Vector2( 1, 1 ) ]
}
tracks/3/type = "value"
tracks/3/path = NodePath(".:monitoring")
tracks/3/interp = 1
tracks/3/loop_wrap = true
tracks/3/imported = false
tracks/3/enabled = true
tracks/3/keys = {
"times": PoolRealArray( 0 ),
"transitions": PoolRealArray( 1 ),
"update": 1,
"values": [ true ]
}
tracks/4/type = "value"
tracks/4/path = NodePath(".:visible")
tracks/4/interp = 1
tracks/4/loop_wrap = true
tracks/4/imported = false
tracks/4/enabled = true
tracks/4/keys = {
"times": PoolRealArray( 0 ),
"transitions": PoolRealArray( 1 ),
"update": 1,
"values": [ true ]
}

[sub_resource type="Animation" id=3]
resource_name = "down_attack"
length = 0.3
tracks/0/type = "value"
tracks/0/path = NodePath(".:position")
tracks/0/interp = 1
tracks/0/loop_wrap = true
tracks/0/imported = false
tracks/0/enabled = true
tracks/0/keys = {
"times": PoolRealArray( 0, 0.1, 0.2, 0.3 ),
"transitions": PoolRealArray( 1, 1, 1, 1 ),
"update": 0,
"values": [ Vector2( 0, 8 ), Vector2( 0, 12 ), Vector2( 0, 16 ), Vector2( 0, 16 ) ]
}
tracks/1/type = "value"
tracks/1/path = NodePath(".:rotation_degrees")
tracks/1/interp = 1
tracks/1/loop_wrap = true
tracks/1/imported = false
tracks/1/enabled = true
tracks/1/keys = {
"times": PoolRealArray( 0, 0.1, 0.2, 0.3 ),
"transitions": PoolRealArray( 1, 1.7411, 0.353553, 1.07177 ),
"update": 0,
"values": [ 0.0, 0.0, -30.0, 0.0 ]
}
tracks/2/type = "value"
tracks/2/path = NodePath(".:scale")
tracks/2/interp = 1
tracks/2/loop_wrap = true
tracks/2/imported = false
tracks/2/enabled = true
tracks/2/keys = {
"times": PoolRealArray( 0, 0.1, 0.2, 0.3 ),
"transitions": PoolRealArray( 1, 1, 1, 1 ),
"update": 0,
"values": [ Vector2( 0.5, -0.5 ), Vector2( 0.75, -0.75 ), Vector2( 1, -1 ), Vector2( 1, -1 ) ]
}
tracks/3/type = "value"
tracks/3/path = NodePath(".:monitoring")
tracks/3/interp = 1
tracks/3/loop_wrap = true
tracks/3/imported = false
tracks/3/enabled = true
tracks/3/keys = {
"times": PoolRealArray( 0 ),
"transitions": PoolRealArray( 1 ),
"update": 1,
"values": [ true ]
}
tracks/4/type = "value"
tracks/4/path = NodePath(".:visible")
tracks/4/interp = 1
tracks/4/loop_wrap = true
tracks/4/imported = false
tracks/4/enabled = true
tracks/4/keys = {
"times": PoolRealArray( 0 ),
"transitions": PoolRealArray( 1 ),
"update": 1,
"values": [ true ]
}

[sub_resource type="Animation" id=4]
length = 0.001
tracks/0/type = "value"
tracks/0/path = NodePath(".:position")
tracks/0/interp = 1
tracks/0/loop_wrap = true
tracks/0/imported = false
tracks/0/enabled = true
tracks/0/keys = {
"times": PoolRealArray( 0 ),
"transitions": PoolRealArray( 1 ),
"update": 0,
"values": [ Vector2( 0, 0 ) ]
}
tracks/1/type = "value"
tracks/1/path = NodePath(".:rotation_degrees")
tracks/1/interp = 1
tracks/1/loop_wrap = true
tracks/1/imported = false
tracks/1/enabled = true
tracks/1/keys = {
"times": PoolRealArray( 0 ),
"transitions": PoolRealArray( 1 ),
"update": 0,
"values": [ 0.0 ]
}
tracks/2/type = "value"
tracks/2/path = NodePath(".:scale")
tracks/2/interp = 1
tracks/2/loop_wrap = true
tracks/2/imported = false
tracks/2/enabled = true
tracks/2/keys = {
"times": PoolRealArray( 0 ),
"transitions": PoolRealArray( 1 ),
"update": 0,
"values": [ Vector2( 1, 1 ) ]
}
tracks/3/type = "value"
tracks/3/path = NodePath(".:monitoring")
tracks/3/interp = 1
tracks/3/loop_wrap = true
tracks/3/imported = false
tracks/3/enabled = true
tracks/3/keys = {
"times": PoolRealArray( 0 ),
"transitions": PoolRealArray( 1 ),
"update": 1,
"values": [ false ]
}
tracks/4/type = "value"
tracks/4/path = NodePath(".:visible")
tracks/4/interp = 1
tracks/4/loop_wrap = true
tracks/4/imported = false
tracks/4/enabled = true
tracks/4/keys = {
"times": PoolRealArray( 0 ),
"transitions": PoolRealArray( 1 ),
"update": 1,
"values": [ false ]
}

[sub_resource type="Animation" id=5]
resource_name = "left_attack"
length = 0.3
tracks/0/type = "value"
tracks/0/path = NodePath(".:position")
tracks/0/interp = 1
tracks/0/loop_wrap = true
tracks/0/imported = false
tracks/0/enabled = true
tracks/0/keys = {
"times": PoolRealArray( 0, 0.1, 0.2, 0.3 ),
"transitions": PoolRealArray( 1, 1, 1, 1 ),
"update": 0,
"values": [ Vector2( 0, 8 ), Vector2( -4, 8 ), Vector2( -8, 8 ), Vector2( -8, 8 ) ]
}
tracks/1/type = "value"
tracks/1/path = NodePath(".:rotation_degrees")
tracks/1/interp = 1
tracks/1/loop_wrap = true
tracks/1/imported = false
tracks/1/enabled = true
tracks/1/keys = {
"times": PoolRealArray( 0, 0.1, 0.2, 0.3 ),
"transitions": PoolRealArray( 1, 1.7411, 0.353553, 1.07177 ),
"update": 0,
"values": [ 90.0, 90.0, 120.0, 90.0 ]
}
tracks/2/type = "value"
tracks/2/path = NodePath(".:scale")
tracks/2/interp = 1
tracks/2/loop_wrap = true
tracks/2/imported = false
tracks/2/enabled = true
tracks/2/keys = {
"times": PoolRealArray( 0, 0.1, 0.2, 0.3 ),
"transitions": PoolRealArray( 1, 1, 1, 1 ),
"update": 0,
"values": [ Vector2( 0.5, -0.5 ), Vector2( 0.75, -0.75 ), Vector2( 1, -1 ), Vector2( 1, -1 ) ]
}
tracks/3/type = "value"
tracks/3/path = NodePath(".:monitoring")
tracks/3/interp = 1
tracks/3/loop_wrap = true
tracks/3/imported = false
tracks/3/enabled = true
tracks/3/keys = {
"times": PoolRealArray( 0 ),
"transitions": PoolRealArray( 1 ),
"update": 1,
"values": [ true ]
}
tracks/4/type = "value"
tracks/4/path = NodePath(".:visible")
tracks/4/interp = 1
tracks/4/loop_wrap = true
tracks/4/imported = false
tracks/4/enabled = true
tracks/4/keys = {
"times": PoolRealArray( 0 ),
"transitions": PoolRealArray( 1 ),
"update": 1,
"values": [ true ]
}

[sub_resource type="Animation" id=6]
resource_name = "right_attack"
length = 0.3
tracks/0/type = "value"
tracks/0/path = NodePath(".:position")
tracks/0/interp = 1
tracks/0/loop_wrap = true
tracks/0/imported = false
tracks/0/enabled = true
tracks/0/keys = {
"times": PoolRealArray( 0, 0.1, 0.2, 0.3 ),
"transitions": PoolRealArray( 1, 1, 1, 1 ),
"update": 0,
"values": [ Vector2( 0, 8 ), Vector2( 4, 8 ), Vector2( 8, 8 ), Vector2( 8, 8 ) ]
}
tracks/1/type = "value"
tracks/1/path = NodePath(".:rotation_degrees")
tracks/1/interp = 1
tracks/1/loop_wrap = true
tracks/1/imported = false
tracks/1/enabled = true
tracks/1/keys = {
"times": PoolRealArray( 0, 0.1, 0.2, 0.3 ),
"transitions": PoolRealArray( 1, 1.7411, 0.353553, 1.07177 ),
"update": 0,
"values": [ 90.0, 90.0, 60.0, 90.0 ]
}
tracks/2/type = "value"
tracks/2/path = NodePath(".:scale")
tracks/2/interp = 1
tracks/2/loop_wrap = true
tracks/2/imported = false
tracks/2/enabled = true
tracks/2/keys = {
"times": PoolRealArray( 0, 0.1, 0.2, 0.3 ),
"transitions": PoolRealArray( 1, 1, 1, 1 ),
"update": 0,
"values": [ Vector2( 0.5, 0.5 ), Vector2( 0.75, 0.75 ), Vector2( 1, 1 ), Vector2( 1, 1 ) ]
}
tracks/3/type = "value"
tracks/3/path = NodePath(".:monitoring")
tracks/3/interp = 1
tracks/3/loop_wrap = true
tracks/3/imported = false
tracks/3/enabled = true
tracks/3/keys = {
"times": PoolRealArray( 0 ),
"transitions": PoolRealArray( 1 ),
"update": 1,
"values": [ true ]
}
tracks/4/type = "value"
tracks/4/path = NodePath(".:visible")
tracks/4/interp = 1
tracks/4/loop_wrap = true
tracks/4/imported = false
tracks/4/enabled = true
tracks/4/keys = {
"times": PoolRealArray( 0 ),
"transitions": PoolRealArray( 1 ),
"update": 1,
"values": [ true ]
}

[sub_resource type="Animation" id=7]
length = 0.3
tracks/0/type = "value"
tracks/0/path = NodePath(".:position")
tracks/0/interp = 1
tracks/0/loop_wrap = true
tracks/0/imported = false
tracks/0/enabled = true
tracks/0/keys = {
"times": PoolRealArray( 0, 0.1, 0.2, 0.3 ),
"transitions": PoolRealArray( 1, 1, 1, 1 ),
"update": 0,
"values": [ Vector2( 0, 8 ), Vector2( 0, 4 ), Vector2( 0, 0 ), Vector2( 0, 0 ) ]
}
tracks/1/type = "value"
tracks/1/path = NodePath(".:rotation_degrees")
tracks/1/interp = 1
tracks/1/loop_wrap = true
tracks/1/imported = false
tracks/1/enabled = true
tracks/1/keys = {
"times": PoolRealArray( 0, 0.1, 0.2, 0.3 ),
"transitions": PoolRealArray( 1, 1.7411, 0.353553, 1.07177 ),
"update": 0,
"values": [ 0.0, 0.0, -30.0, 0.0 ]
}
tracks/2/type = "value"
tracks/2/path = NodePath(".:scale")
tracks/2/interp = 1
tracks/2/loop_wrap = true
tracks/2/imported = false
tracks/2/enabled = true
tracks/2/keys = {
"times": PoolRealArray( 0, 0.1, 0.2, 0.3 ),
"transitions": PoolRealArray( 1, 1, 1, 1 ),
"update": 0,
"values": [ Vector2( 0.5, 0.5 ), Vector2( 0.75, 0.75 ), Vector2( 1, 1 ), Vector2( 1, 1 ) ]
}
tracks/3/type = "value"
tracks/3/path = NodePath(".:monitoring")
tracks/3/interp = 1
tracks/3/loop_wrap = true
tracks/3/imported = false
tracks/3/enabled = true
tracks/3/keys = {
"times": PoolRealArray( 0 ),
"transitions": PoolRealArray( 1 ),
"update": 1,
"values": [ true ]
}
tracks/4/type = "value"
tracks/4/path = NodePath(".:visible")
tracks/4/interp = 1
tracks/4/loop_wrap = true
tracks/4/imported = false
tracks/4/enabled = true
tracks/4/keys = {
"times": PoolRealArray( 0 ),
"transitions": PoolRealArray( 1 ),
"update": 1,
"values": [ true ]
}

[node name="PlayerWizzard" type="KinematicBody2D" groups=[
"characters",
"players",
]]
script = ExtResource( 1 )
__meta__ = {
"_edit_group_": true
}
speed = 100

[node name="AnimatedSprite" type="AnimatedSprite" parent="."]
frames = ExtResource( 2 )
animation = "move"

[node name="Camera2D" type="Camera2D" parent="."]
current = true
zoom = Vector2( 0.5, 0.5 )

[node name="CollisionShape2D" type="CollisionShape2D" parent="."]
position = Vector2( 0.604576, 9.02191 )
shape = SubResource( 1 )

[node name="Weapon" type="Area2D" parent="."]
script = ExtResource( 3 )
__meta__ = {
"_edit_group_": true
}

[node name="Sprite" type="Sprite" parent="Weapon"]
position = Vector2( -0.0658798, -10.8834 )
texture = ExtResource( 4 )

[node name="AnimationPlayer" type="AnimationPlayer" parent="Weapon"]
anims/_setup = SubResource( 2 )
anims/down_attack = SubResource( 3 )
anims/idle = SubResource( 4 )
anims/left_attack = SubResource( 5 )
anims/right_attack = SubResource( 6 )
anims/up_attack = SubResource( 7 )

[node name="CollisionPolygon2D" type="CollisionPolygon2D" parent="Weapon"]
position = Vector2( 3.68929, -7.37856 )
polygon = PoolVector2Array( -7, -17, -7, -13, -5, -11, -5, 11, -2, 11, -2, -11, 0, -13, 0, -16, -2, -19, -5, -19 )
[connection signal="attack_finished" from="Weapon" to="." method="_on_Weapon_attack_finished"]
